<?xml version="1.0" encoding="UTF-8"?><record xmlns="http://www.loc.gov/MARC21/slim" xmlns:cinclude="http://apache.org/cocoon/include/1.0" xmlns:zs="http://www.loc.gov/zing/srw/">
  <leader>00446nz  a2200121n  4500</leader>
  <controlfield tag="001">n 2011060839</controlfield>
  <controlfield tag="003">DLC</controlfield>
  <controlfield tag="005">20110903075127.0</controlfield>
  <controlfield tag="008">110902n| acannaabn          |n aaa      </controlfield>
  <datafield tag="010" ind1=" " ind2=" ">
    <subfield code="a">n 2011060839</subfield>
  </datafield>
  <datafield tag="040" ind1=" " ind2=" ">
    <subfield code="a">DLC</subfield>
    <subfield code="b">eng</subfield>
    <subfield code="c">DLC</subfield>
  </datafield>
  <datafield tag="100" ind1="1" ind2=" ">
    <subfield code="a">Sampaio, Dim,</subfield>
    <subfield code="d">1975-</subfield>
  </datafield>
  <datafield tag="670" ind1=" " ind2=" ">
    <subfield code="a">Dim Sampaio, 2010:</subfield>
    <subfield code="b">t.p. (Dim Sampaio) p. 137 (artist, b. 1975 in Brazilian village of Sitio Novo; moved to Teresina soon thereafter; has lived and worked in Bologna, Italy since 1999)</subfield>
  </datafield>
</record>